@article{Chung:2003:Spectra,
	Author = {Chung, Fan and Lu, Linyuan and Vu, Van},
	Journal = {PNAS},
	Number = {11},
	Pages = {6313--6318},
	Title = {Spectra of random graphs with given expected degrees},
	Volume = {100},
	Year = {2003},
	doi = {10.1073/pnas.0937490100},
	url = {http://dx.doi.org/10.1073/pnas.0937490100}}

@article{Banerjee:2008:On-the-spectrum,
	Author = {Banerjee, Anirban and Jost, J{{\"u}}rgen},
	Journal = {Linear Algebra Appl.},
	Number = {11-12},
	Pages = {3015--3022},
	Title = {On the spectrum of the normalized graph {L}aplacian},
	Volume = {428},
	Year = {2008},
	doi = {10.1016/j.laa.2008.01.029},
	url = {http://dx.doi.org/10.1016/j.laa.2008.01.029}}

@article{Banerjee:2008:Spectral,
	Author = {Banerjee, Anirban and Jost, J{{\"u}}rgen},
	Journal = {Netw. Heterog. Media},
	Number = {2},
	Pages = {395--411},
	Title = {Spectral plot properties: towards a qualitative classification of networks},
	Volume = {3},
	Year = {2008},
	doi = {10.3934/nhm.2008.3.395},
	url = {http://dx.doi.org/10.3934/nhm.2008.3.395}}

@phdthesis{Banerjee:2008:The-Spectrum,
	Author = {Banerjee, Anirban},
	School = {Universit\"at Leipzig},
	Title = {The Spectrum of the Graph Laplacian as a Tool for Analyzing Structure and Evolution of Networks},
	Year = {2008},
	url = {http://www.iiserkol.ac.in/~anirban.banerjee/Banerjee_PhD_Thesis.pdf}}

@article{Banerjee:2009:Graph,
	Author = {Banerjee, Anirban and Jost, J{{\"u}}rgen},
	Journal = {Discrete Appl. Math.},
	Number = {10},
	Pages = {2425--2431},
	Title = {Graph spectra as a systematic tool in computational biology},
	Volume = {157},
	Year = {2009},
	doi = {10.1016/j.dam.2008.06.033},
	url = {http://dx.doi.org/10.1016/j.dam.2008.06.033}}

@incollection{Banerjee:2009:Spectral,
	Address = {Boston, MA},
	Author = {Banerjee, Anirban and Jost, J{{\"u}}rgen},
	Booktitle = {Dynamics on and of complex networks},
	Pages = {117--132},
	Publisher = {Birkh{\"a}user Boston Inc.},
	Series = {Model. Simul. Sci. Eng. Technol.},
	Title = {Spectral characterizations of network structures and dynamics},
	Year = {2009},
	doi = {10.1007/978-0-8176-4751-3_7},
	url = {http://dx.doi.org/10.1007/978-0-8176-4751-3_7}}

@article{Benzi:2013:Decay,
  Author = {Michele Benzi and Paolo Boito and Nader Razouk},
	Title = {Decay properties of spectral projectors with
		       applications to electronic structure},
	Journal = {SIAM Review},
	Volume = {55},
	Number = {1},
	Pages = {3--64},
	Year = {2013}
}

@inproceedings{Bhardwaj:2013:Highly,
  Author = {O. Bhardwaj and Y. Ineichen and C. Bekas and A. Curioni},
	Title = {Highly scalable linear time estimation of spectrograms --
	         a tool for very large scale data analysis},
	Booktitle = {Proceedings of Supercomputing 2013},
	Year = {2013},
	url = {http://sc13.supercomputing.org/sites/default/files/PostersArchive/tech_posters/post255s2-file3.pdf},
}

@article{Chuahan:2009:Spectral,
	Author = {Chauhan, Sanjeev and Girvan, Michelle and Ott, Edward},
	Journal = {Phys. Rev. E},
	Month = {Nov},
	Pages = {056114},
	Title = {Spectral properties of networks with community structure},
	Volume = {80},
	Year = {2009},
	doi = {10.1103/PhysRevE.80.056114},
	url = {http://dx.doi.org/10.1103/PhysRevE.80.056114}}

@article{Dorogovtsev:2003:Spectra,
	Author = {Dorogovtsev, S. N. and Goltsev, A. V. and Mendes, J. F. F. and Samukhin, A. N.},
	Journal = {Phys. Rev. E (3)},
	Number = {4},
	Pages = {046109, 10},
	Title = {Spectra of complex networks},
	Volume = {68},
	Year = {2003},
	doi = {10.1103/PhysRevE.68.046109},
	url = {http://dx.doi.org/10.1103/PhysRevE.68.046109}}

@article{Damle:2015:Compressed,
  Author={Damle, Anil and Lin, Lin and Ying, Lexing},
	Journal = {Journal of Chemical Theory and Computation},
	Title = {Compressed representation of {Kohn-Sham} orbitals via
		       selected columns of the density matrix},
	Number = {4},
	Volume = {11},
	Year = {2015},
	doi = {10.1021/ct500985f},
	url = {http://dx.doi.org/10.1021/ct500985f}
}

@article{Farkas:2001:Spectra,
	Author = {Farkas", Ill{\'e}s},
	Journal = {Physical Review E},
	Number = {2},
	Title = {Spectra of ``real-world'' graphs: Beyond the semicircle law},
	Volume = {64},
	Year = {2001},
	doi = {10.1103/PhysRevE.64.026704},
	url = {http://dx.doi.org/10.1103/PhysRevE.64.026704}}

@article{Farkas:2002:Networks,
	Author = {Farkas, I. and Der\'enyi, I. and Jeong, H. and N\'eda, Z. and Oltvai, Z. N. and Ravasz, E. and Schubert, A. and Barab\'asi, A.-L and Vicsek, T.},
	Journal = {Physica A: Statistical Mechanics and its Applications},
	Number = {1--4},
	Pages = {25--34},
	Title = {Networks in life: scaling properties and eigenvalue spectra},
	Volume = {314},
	Year = {2002},
	doi = {10.1016/S0378-4371(02)01181-0},
	url = {http://dx.doi.org/10.1016/S0378-4371(02)01181-0}}

@incollection{Gago:2011:Spectral,
  Author = {Gago, Silvia},
	Title = {Spectral techniques in complex networks},
	Pages = {63--84},
	Booktitle = {Selected Topics on Applications of Graph Spectra},
	Editor = {D. Ctekovic and I. Gutman},
	Year = {2011},
	url = {http://elib.mi.sanu.ac.rs/files/journals/zr/22/zbr14063.pdf}}

@article{Kuhn:2011:Spectra,
	Author = {K{\"u}hn, Reimer and van Mourik, Jort},
	Journal = {Journal of Physics A: Mathematical and Theoretical},
	Number = {16},
	Pages = {165205},
	Title = {Spectra of modular and small-world matrices},
	Volume = {44},
	Year = {2011},
	doi = {10.1088/1751-8113/44/16/165205},
	url = {http://dx.doi.org/10.1088/1751-8113/44/16/165205}}

@article{Lin:2015:Randomized,
  Author = {Lin, Lin},
	Title = {Randomized estimation of spectral densities of large matrices made accurate},
	journal = {CoRR},
	volume = {abs/1504.07690},
	year = {2015},
	url = {http://arxiv.org/abs/1504.07690}}

@article{Lin:2016:Approximating,
  Author = {Lin, Lin and Saad, Yousef and Yang, Chao},
	Journal = {SIAM Review},
	Number = {1},
	Volume = {58},
	Pages = {34--65},
	Title = {Approximating Spectral Densities of Large Matrices},
	Year = {2016},
	doi = {10.1137/130934283},
	url = {http://dx.doi.org/10.1137/130934283}}

@article{Ozolins:2013:Compressed,
  Author = {V. Ozolins and R. Lai and R. Caflisch and S. Osher},
	Title = {Compressed Modes for Variational Problems in Mathematics and Physics},
	Journal = {Proceedings of the National Academy of Sciences},
	Volume = {110},
	Number = {46},
	Pages = {18368--18373},
	Year = {2013},
	doi = {10.1073/pnas.1318679110},
	url = {http://dx.doi.org/10.1073/pnas.1318679110},
}

@article{Ozolins:2014:Compressed,
  Author = {V. Ozolins and R. Lai and R. Caflisch and S. Osher},
	Title = {Compressed plane waves yield a compactly supported multiresolution basis for the Laplace operator},
	Journal = {Proceedings of the National Academy of Sciences},
	Volume = {111},
	Number = {5},
	Pages = {1691--1696},
	Year = {2014},
	doi = {10.1073/pnas.1323260111},
	url = {http://dx.doi.org/10.1073/pnas.1323260111}
}

@article{Weisse:2006:The-kernel,
	Author = {Weisse, Alexander and Wellein, Gerhard and
                  Alvermann, Andreas and Fehske, Holger},
	Journal = {Review of Modern Physics},
	Title = {The kernel polynomial method},
	Volume = {78},
	Year = {2006},
	doi = {10.1103/RevModPhys.78.275},
	url = {http://dx.doi.org/10.1103/RevModPhys.78.275}}

@inbook{Weisse:2008:Chebyshev,
	Author = {Weisse, Alexander and Fehske, Holger},
	Chapter = {Chebyshev expansion techniques},
	Editor = {Fehske, Holger and Schneider, Ralf and Weisse, Alexander},
	Pages = {545--577},
	Publisher = {Springer},
	Series = {Lecture Notes in Physics},
	Title = {Computational Many-Particle Physics},
	Year = {2008},
	doi = {10.1007/978-3-540-74686-7_19},
	url = {http://dx.doi.org/10.1007/978-3-540-74686-7_19}}

@article{Avron:2011:Randomized,
	Author = {Avron, Haim and Toledo, Sivan},
	Journal = {J. ACM},
	Number = {2},
	Pages = {8:1--8:34},
	Title = {Randomized algorithms for estimating the trace of an
                  implicit symmetric positive semi-definite matrix},
	Volume = {58},
	Year = {2011},
	doi = {10.1145/1944345.1944349},
	url = {http://dx.doi.org/10.1145/1944345.1944349}}

@article{Bekas:2007:Estimator,
  Author = {C. Bekas and E. Kokiopoulou and Y. Saad},
	Title = {An estimator for the diagonal of a matrix},
	Volume = {57},
	Number = {11--12},
	Pages = {1214--1229},
	Year = {2007},
	doi = {10.1016/j.apnum.2007.01.003},
	url = {http://dx.doi.org/10.1016/j.apnum.2007.01.003}}

@article{Sade:2005:Localization,
  Author = {M. Sade and T. Kalisky and S. Havlin and R. Berkovits},
	Title = {Localization transition on complex networks via spectral statistics},
	Journal = {Phys. Rev. E},
	Volume = {72},
	Pages = {066123},
	Year = {2005},
	doi = {10.1103/PhysRevE.72.066123},
	doi = {http://dx.doi.org/10.1103/PhysRevE.72.066123}}

@article{Sellig:2012:Improving,
  Author = {Selic, Marco and Oppermann, Niels and Ensslin, Torsten},
	Title = {Improving stochastic estimates with inference methods: Calculating matrix diagonals},
	Journal = {Phys. Rev. E},
	Volume = {85},
	Pages = {021134},
	Year = {2012},
	doi = {10.1103/PhysRevE.85.021134},
	url = {http://dx.doi.org/10.1103/PhysRevE.85.021134}}

@article{Silver:1996:Kernel,
	Author = {Silver, R. N. and Roeder, H. and Voter, A. F. and
                  Kress, J. D.},
	Journal = {Journal of Computational Physics},
	Number = {1},
	Pages = {115--130},
	Title = {Kernel polynomial approximations for densities of
                  states and spectral functions},
	Volume = {124},
	Year = {1996},
	doi = {10.1006/jcph.1996.0048},
	doi = {http://dx.doi.org/10.1006/jcph.1996.0048}}

@article{Silver:1997:Calculation,
	Author = {Silver, R. N. and Roder, H.},
	Doi = {10.1103/PhysRevE.56.4822},
	Journal = {Phys. Rev. E},
	Pages = {4822--4829},
	Title = {Calculation of Densities of States and Spectral
                  Functions by {Chebyshev} Recurrence and Maximum
                  Entropy},
	Url = {http://dx.doi.org/10.1103/PhysRevE.56.4822},
	Volume = {56},
	Year = {1997},
	doi = {10.1103/PhysRevE.56.4822}}
